%% LaTeX2e file `bvar.bib'
%% generated by the `filecontents' environment
%% from source `text_BVAR3' on 2015/07/11.
%%

@article{sims1998bayesian,
  title={Bayesian methods for dynamic multivariate models},
  author={Sims, Christopher A and Zha, Tao},
  journal={International Economic Review},
  pages={949--968},
  year={1998},
  publisher={JSTOR}
}

@article{carriero2015bayesian,
  title={Bayesian VARs: specification choices and forecast accuracy},
  author={Carriero, Andrea and Clark, Todd E and Marcellino, Massimiliano},
  journal={Journal of Applied Econometrics},
  volume={30},
  number={1},
  pages={46--73},
  year={2015},
  publisher={Wiley Online Library}
}

@article{doan1984forecasting,
  title={Forecasting and conditional projection using realistic prior distributions},
  author={Doan, Thomas and Litterman, Robert and Sims, Christopher},
  journal={Econometric reviews},
  volume={3},
  number={1},
  pages={1--100},
  year={1984},
  publisher={Taylor \& Francis}
}

@article{robertson1999vector,
  title={Vector autoregressions: forecasting and reality},
  author={Robertson, John C and Tallman, Ellis W},
  journal={Economic Review-Federal Reserve Bank of Atlanta},
  volume={84},
  number={1},
  pages={4},
  year={1999},
  publisher={Federal Reserve Bank of Atlanta}
}

@article{kadiyala1997numerical,
  title={NUMERICAL METHODS FOR ESTIMATION AND INFERENCE IN BAYESIAN VAR-MODELS},
  author={Kadiyala, K and Karlsson, Sune},
  journal={Journal of Applied Econometrics},
  volume={12},
  number={2},
  pages={99--132},
  year={1997},
  publisher={Wiley Online Library}
}


@article{forni2000generalized,
  title={The generalized dynamic-factor model: Identification and estimation},
  author={Forni, Mario and Hallin, Marc and Lippi, Marco and Reichlin, Lucrezia},
  journal={Review of Economics and statistics},
  volume={82},
  number={4},
  pages={540--554},
  year={2000},
  publisher={MIT Press}
}

@article{beauchemin2011medium,
  title={A medium scale forecasting model for monetary policy},
  author={Beauchemin, Kenneth R and Zaman, Saeed},
  year={2011},
  publisher={FRB of Cleveland Working Paper}
}

@article{de2008forecasting,
  title={Forecasting using a large number of predictors: Is Bayesian shrinkage a valid alternative to principal components?},
  author={De Mol, Christine and Giannone, Domenico and Reichlin, Lucrezia},
  journal={Journal of Econometrics},
  volume={146},
  number={2},
  pages={318--328},
  year={2008},
  publisher={Elsevier}
}

@article{banbura2010large,
  title={Large Bayesian vector auto regressions},
  author={Ba{\'n}bura, Marta and Giannone, Domenico and Reichlin, Lucrezia},
  journal={Journal of Applied Econometrics},
  volume={25},
  number={1},
  pages={71--92},
  year={2010},
  publisher={Wiley Online Library}
}

@article{waggoner1999conditional,
  title={Conditional forecasts in dynamic multivariate models},
  author={Waggoner, Daniel F and Zha, Tao},
  journal={Review of Economics and Statistics},
  volume={81},
  number={4},
  pages={639--651},
  year={1999},
  publisher={MIT Press}
}

@article{bloor2010analysing,
  title={Analysing shock transmission in a data-rich environment: a large BVAR for New Zealand},
  author={Bloor, Chris and Matheson, Troy},
  journal={Empirical Economics},
  volume={39},
  number={2},
  pages={537--558},
  year={2010},
  publisher={Springer}
}


@techreport{alessandri2014financial,
  title={Financial conditions and density forecasts for US output and inflation},
  author={Alessandri, Piergiorgio and Mumtaz, Haroon},
  year={2014},
  institution={Working Paper, School of Economics and Finance, Queen Mary, University of London}
}

@article{geweke2006bayesian,
  title={Bayesian forecasting},
  author={Geweke, John and Whiteman, Charles},
  journal={Handbook of economic forecasting},
  volume={1},
  pages={3--80},
  year={2006},
  publisher={Elsevier}
}

@techreport{berg2013point,
  title={Point and Density Forecasts for the Euro Area Using Many Predictors: Are Large BVARs Really Superior?},
  author={Berg, Tim Oliver and Henzel, Steffen},
  year={2013},
  institution={ifo Working Paper}
}


@article{litterman1986forecasting,
  title={Forecasting with Bayesian vector autoregressionsâ€”five years of experience},
  author={Litterman, Robert B},
  journal={Journal of Business \& Economic Statistics},
  volume={4},
  number={1},
  pages={25--38},
  year={1986},
  publisher={Taylor \& Francis}
}

@article{stock2002forecasting,
  title={Forecasting using principal components from a large number of predictors},
  author={Stock, James H and Watson, Mark W},
  journal={Journal of the American statistical association},
  volume={97},
  number={460},
  pages={1167--1179},
  year={2002},
  publisher={Taylor \& Francis}
}

@book{zellner1996introduction,
  title={An Introduction to Bayesian Inference in Econometrics},
  author={Zellner, A.},
  isbn={9780471169376},
  lccn={gb96082549},
  series={Wiley Classics Library},
  url={https://books.google.ru/books?id=9tSrQgAACAAJ},
  year={1996},
  publisher={Wiley}
}

@incollection{sims1993nine,
  title={A nine-variable probabilistic macroeconomic forecasting model},
  author={Sims, Christopher A},
  booktitle={Business Cycles, Indicators and Forecasting},
  pages={179--212},
  year={1993},
  publisher={University of Chicago Press}
}


