@Article{Sims1980,
	author = "Sims, C. A.",
	year = "1980",
	title = "{Macroeconomics and reality}",
	journal="{Econometrica}",	
	volume="48",
	pages={1-48},
}

@Article{Sims1981,
	author = "Sims, C. A.",
	year = "1981",
	title = "{An autoregressive index model for the U.S. 1948-1975, \textit{in} Kmenta, J. \& Ramsey, J. B. (eds.)}",
	journal="{Large-Scale Macro-Econometric Models}",
	publisher="North-Holland, Amsterdam",	
	pages={North-Holland, Amsterdam, 283-327},
}


@Article{Lutkepohl2013a,
	author = "L{\"{u}}tkepohl, H.",
	year = "2013",
	title = "{Identifying Structural Vector Autoregressions Via Changes in Volatility, \textit{in} T. B. Fomby, L. Kilian, A. Murphy (eds.)}",
	journal="{VAR Models in Macroeconomics -- New Developments and Applications: Essays in Honor of Christopher A. Sims (Advances in Econometrics, Volume 32)}",
	publisher="Emerald Group Publishing Limited",	
	pages={Emerald Group Publishing Limited, 169-203},
}

@Article{BBL2004,
	author = "Breitung, J. and Br{\"{u}}ggemann, R. and L{\"{u}}tkepohl, H.",
	year = "2004",
	title = "{Structural vector autoregressive modeling and impulse responses, \textit{in} H. L\"{u}}tkepohl \& M. Kr\"{a}}tzig (eds)}",
	journal="{Applied Time Series Econometrics}",
	publisher="Cambridge University Press, Cambridge",	
	pages={Cambridge University Press, Cambridge, 159-196},
}

@book{Lutkepohl1987,
	author = "L{\"{u}}tkepohl, H.",
	year = "1987",
	title = "{Forecasting Aggregated Vector ARMA Processes}",
	publisher="{Springer, Berlin}",	
}

@book{AmisanoGiannini1997,
	author = "Amisano, G. and Giannini, C.",
	year = "1997",
	title = "{Topics in Structural VAR Econometrics, 2nd edn}",
	publisher="{Springer, Berlin}",	
}

@book{Lutkepohl2005,
	author = "L{\"{u}}tkepohl, H.",
	year = "2005",
	title = "{New Introduction to Multiple Time Series Analysis}",
	publisher="{Springer, Berlin}",	
}

@book{Giannini1992,
	author = "Giannini, C.",
	year = "1992",
	title = "{Topics in Structural VAR Econometrics}",
	publisher="{Springer, Heidelberg}",	
}

@book{Hall1992,
	author = "Hall, P.",
	year = "1992",
	title = "{The Bootstrap and Edgeworth Expansion}",
	publisher="{Springer-Verlag, New York}",	
}

@Article{Lutkepohl1990,
	author = "L{\"{u}}tkepohl, H.",
	year = "1990",
	title = "{Asymptotic distributions of impulse response functions and forecast error variance decompositions of vector autoregressive models}",
	journal="{Review of Economics and Statistics}",	
	volume="72",
	pages={116-125},
}


@Article{SimsZha1999,
	author = "Sims, C. A. and Zha, T.",
	year = "1999",
	title = "{Error bands for impulse responses}",
	journal="{Econometrica}",	
	volume="67",
	pages={1113-1155},
}

@Article{Runkle1987,
	author = "Runkle, D. E.",
	year = "1987",
	title = "{Vector autoregressions and reality}",
	journal="{Journal of Business \& Economic Statistics}",	
	volume="5",
	pages={437-442},
}

@Article{Kilian1998,
	author = "Kilian, L.",
	year = "1998",
	title = "{Small-sample confidence intervals for impulse response functions}",
	journal="{Review of Economics and Statistics}",	
	volume="80",
	pages={218-230},
}

@Article{Kilian1999,
	author = "Kilian, L.",
	year = "1999",
	title = "{Finite-sample properties of percentile and percentile-\textit{t} bootstrap confidence intervals for impulse responses}",
	journal="{Review of Economics and Statistics}",	
	volume="81",
	pages={652-660},
}

@Article{BLN2000,
	author = "Benkwitz, A. and L{\"{u}}tkepohl, H. and Neumann, M.",
	year = "2000",
	title = "{roblems related to bootstrapping impulse responses of autoregressive processes}",
	journal="{Econometric Reviews}",	
	volume="19",
	pages={69-103},
}

@Article{BlanchardQuah1989,
	author = "Blanchard, O. and Quah, D.",
	year = "1989",
	title = "{The dynamic effects of aggregate demand and supply disturbances}",
	journal="{American Economic Review}",	
	volume="79",
	pages={655-673},
}

@Article{Lutkepohl2013b,
	author = "L{\"{u}}tkepohl, H.",
	year = "2013",
	title = "{Reducing confidence bands for simulated impulse responses}",
	journal="{Statistical Papers}",	
	volume="54",
	pages={1131-1145},
}

@Article{GoncalvesKilian2004,
	author = "Goncalves, S. and Kilian, L.",
	year = "2004",
	title = "{Bootstrapping autoregressions with conditional heteroskedasticity of unknown form}",
	journal="{Journal of Econometrics}",	
	volume="123",
	pages={89-120},
}

@Article{PsaradakisSpagnolo2006,
	author = "Psaradakis, Z. and Spagnolo, N.",
	year = "2006",
	title = "{Joint determination of the state dimension and autoregressive order for models with Markov regime switching}",
	journal="{Journal of Time Series Analysis}",	
	volume="27",
	pages={753-766},
}

@unpublished{HerwartzLutkepohl2011,
	author = "Herwartz, H. and L{\"{u}}tkepohl, H.",
	year = "2011",
	title = "{Structural vector autoregressions with markov switching: Combining conventional with statistical identification of shocks}",
	note="{Unpublished manuscript}",	
}

@Article{LLM2010,
	author = "Lanne, M. and L{\"{u}}tkepohl, H. and Maciejowska, K.",
	year = "2010",
	title = "{Structural vector autoregressions with Markov switching}",
	journal="{Journal of Economic Dynamics and Control}",	
	volume="34",
	pages={121-131},
}

@Article{BouakezNormandin2010,
	author = "Bouakez, H. and Normandin, M.",
	year = "2010",
	title = "{Fluctuations in the foreign exchange market: How important are monetary policy shocks?}",
	journal="{Journal of International Economics}",	
	volume="81",
	pages={139-153},
}

@Article{SentanaFiorentini2001,
	author = "Sentana, E. and Fiorentini, G.",
	year = "2001",
	title = "{Identification, estimation and testing of conditionally heteroskedastic factor models}",
	journal="{Journal of Econometrics}",	
	volume="102",
	pages={143-164},
}

@Article{VDP2003,
	author = "Vrontos, I. D. and Dellaportas, P. and Politis, D. N.",
	year = "2003",
	title = "{A full-factor multivariate GARCH model}",
	journal="{Econometrics Journal}",	
	volume="6",
	pages={312-334},
}

@Article{vdWeide2002,
	author = "van der Weide, R.",
	year = "2002",
	title = "{O-GARCH: A multivariate generalized orthogonal GARCH model}",
	journal="{Journal of Applied Econometrics}",	
	volume="17",
	pages={549-564},
}

@Article{NormandinPhaneuf2004,
	author = "Normandin, M. and Phaneuf, L.",
	year = "2004",
	title = "{Monetary policy shocks: Testing identification conditions under time-varying conditional volatility}",
	journal="{Journal of Monetary Economics}",	
	volume="51",
	pages={1217-1243},
}

@Article{EFR2011,
	author = "Ehrmann, M. and Fratzscher, M. and Rigobon, R.",
	year = "2011",
	title = "{Stocks, bonds, money markets and exchange rates: Measuring international nancial transmission}",
	journal="{Journal of Applied Econometrics}",	
	volume="26",
	pages={948-974},
}

@Article{RigobonSack2003,
	author = "Rigobon, R. and Sack, B.",
	year = "2003",
	title = "{Measuring The Reaction Of Monetary Policy To The Stock Market}",
	journal="{The Quarterly Journal of Economics}",	
	volume="118",
	pages={639-669},
}

@Article{Rigobon2003,
	author = "Rigobon, R.",
	year = "2003",
	title = "{Identification Through Heteroskedasticity}",
	journal="{The Review of Economics and Statistics}",	
	volume="85",
	pages={777-792},
}

@unpublished{LanneLutkepohl2008b,
	author = "Lanne, M. and L{\"{u}}tkepohl, H.",
	year = "2008",
	title = "{A Statistical Comparison of Alternative Identification Schemes for Monetary Policy Shocks}",
	note="{Unpublished Manuscript}",	
}

@Article{LanneLutkepohl2008a,
	author = "Lanne, M. and L{\"{u}}tkepohl, H.",
	year = "2008",
	title = "{Identifying Monetary Policy Shocks via Changes in Volatility}",
	journal="{Journal of Money, Credit \& Banking}",	
	volume="40",
	pages={1131-1149},
}

@Article{Lucke2010,
	author = "Lucke, B.",
	year = "2010",
	title = "{Identification and overidentification in SVECMs}",
	journal="{Economics Letters}",	
	volume="108",
	pages={318–321},
}

@Article{Lutkepohl2008,
	author = "L{\"{u}}tkepohl, H.",
	year = "2008",
	title = "{Problems related to over-identifying restrictions for structural vector error correction models}",
	journal="{Economics Letters}",	
	volume="99",
	pages={512-515},
}

@Article{LanneLutkepohl2010,
	author = "Lane, M. and L{\"{u}}tkepohl, H.",
	year = "2010",
	title = "{Structural Vector Autoregressions With Nonnormal Residuals}",
	journal="{Journal of Business \& Economic Statistics}",	
	volume="28",
	pages={159-168},
}


@book{EfronTibshirani1993,
	author = "Efron, B. and Tibshirani, R. J.",
	year = "1993",
	title = "{An Introduction to the Bootstrap}",
	publisher="{Chapman \& Hall, New York.}",	
}

@Article{GonzaloNg2001,
	author = "Gonzalo, J. and Ng, S.",
	year = "2001",
	title = "{A systematic framework for analyzing the dynamic effects of permanent and transitory shocks}",
	journal="{Journal of Economic Dynamics and Control}",	
	volume="25",
	pages={1527–1546},
}

@Article{FisherHuh1999,
	author = "Fisher, L. A. and Huh, H.",
	year = "1999",
	title = "{Weak exogeneity and long-run and contemporaneous identifying restrictions in VEC models}",
	journal="{Economics Letters}",	
	volume="63",
	pages={159–165},
}

@Article{FisherHuh2007,
	author = "Fisher, L. A. and Huh, H.",
	year = "2007",
	title = "{Permanent-Transitory Decompositions Under Weak Exogeneity}",
	journal="{Econometric Theory}",	
	volume="23",
	pages={183-189},
}

@Article{KPSW1991,
	author = "King, R. G. and Plosser, C. I. and Stock, J. H. and Watson, M. W.",
	year = "1991",
	title = "{Stochastic trends and economic fluctuations}",
	journal="{American Economic Review}",	
	volume="81",
	pages={819–840},
}

@Article{Vlaar2004,
	author = "Vlaar, P. J. G.",
	year = "2004",
	title = "{On the asymptotic distribution of impulse response functions with long-run restrictions}",
	journal="{Econometric Theory}",	
	volume="20",
	pages={891-903},
}

@Article{BLW2001,
	author = "Benkwitz, A. and L{\"{u}}tkepohl, H. and Wolters, J.",
	year = "2001",
	title = "{Comparison of bootstrap confidence intervals for impulse responses of German monetary systems}",
	journal="{Macroeconomic Dynamics}",	
	volume="5",
	pages={81-100},
}

@unpublished{LSBW2013,
	author = "L{\"{u}}tkepohl, H. and Staszewska-Bystrova, A. and Winker, P.",
	year = "2013",
	title = "{Comparison of Methods for Constructing Joint Confidence Bands for Impulse Response Functions}",
	note="{Unpublished Manuscript}",	
}

@Article{Gali1999,
	author = "Gal\'{\i}, J.",
	year = "1999",
	title = "{Technology, employment, and the business cycle: Do technology shocks explain aggregate fluctuations?}",
	journal="{American Economic Review}",	
	volume="89",
	pages={249-271},
}

@Article{Kilian2001,
	author = "Kilian, L.",
	year = "2001",
	title = "{Impulse response analysis in vector autoregressions with unknown lag order}",
	journal="{Journal of Forecasting}",	
	volume="20",
	pages={161-179},
}

@Article{Jorda2009,
	author = "Jord\`{a}, O.",
	year = "2009",
	title = "{imultaneous condence regions for impulse responses}",
	journal="{The Review of Economics and Statistics}",	
	volume="91",
	pages={629-647},
}

@Article{JordaMarcellino2010,
	author = "Jord\`{a}, O. and Marcellino, M.",
	year = "2010",
	title = "{Path forecast evaluation}",
	journal="{Journal of Applied Econometrics}",	
	volume="25",
	pages={635-662},
}

@Article{Staszewska2007,
	author = "Staszewska, A.",
	year = "2007",
	title = "{Representing uncertainty about impulse response paths: The use of heuristic optimization methods}",
	journal="{Computational Statistics \& Data Analysis}",	
	volume="52",
	pages={121-132},
}

@unpublished{WolfWunderli2012,
	author = "Wolf, M. and Wunderli, D.",
	year = "2012",
	title = "{Bootstrap joint prediction regions}",
	note="{Unpublished Manuscript}",	
}

@Article{Phillips1998,
	author = "Phillips, P. C. B.",
	year = "1998",
	title = "{Impulse response and forecast error variance asymptotics in nonstationary VARs}",
	journal="{Journal of Econometrics}",	
	volume="83",
	pages={21-56},
}

@Article{AraiYamamoto2000,
	author = "Arai, Y. and Yamamoto, T.",
	year = "2000",
	title = "{Alternative representation for asymptotic distributions of impulse responses in cointegrated VAR systems}",
	journal="{Economics Letters}",	
	volume="67",
	pages={261-271},
}

@Article{Yang1998,
	author = "Yang, M.",
	year = "1998",
	title = "{On identifying permanent and transitory shocks in VAR models}",
	journal="{Economics Letters}",	
	volume="58",
	pages={171-175},
}

@unpublished{Bruggemann2006,
	author = "Br{\"{u}}ggemann, R.",
	year = "2006",
	note = "{Unpublished Manuscript}",
}

%@Article{,
%	author = "",
%	year = "",
%	title = "{}",
%	journal="{}",	
%	volume="",
%	pages={},
%}
