../bvar_mapping/bibliobase2.bib